% This file was created with JabRef 2.6.
% Encoding: Cp1252

@article{Girshick15,
  author    = {Ross B. Girshick},
  title     = {Fast {R-CNN}},
  journal   = {CoRR},
  volume    = {abs/1504.08083},
  year      = {2015},
  url       = {http://arxiv.org/abs/1504.08083},
  archivePrefix = {arXiv},
  eprint    = {1504.08083},
  timestamp = {Mon, 13 Aug 2018 16:49:11 +0200},
  biburl    = {https://dblp.org/rec/bib/journals/corr/Girshick15},
  bibsource = {dblp computer science bibliography, https://dblp.org}
}

@article{RenHG015,
  author    = {Shaoqing Ren and
               Kaiming He and
               Ross B. Girshick and
               Jian Sun},
  title     = {Faster {R-CNN:} Towards Real-Time Object Detection with Region Proposal
               Networks},
  journal   = {CoRR},
  volume    = {abs/1506.01497},
  year      = {2015},
  url       = {http://arxiv.org/abs/1506.01497},
  archivePrefix = {arXiv},
  eprint    = {1506.01497},
  timestamp = {Mon, 13 Aug 2018 16:46:02 +0200},
  biburl    = {https://dblp.org/rec/bib/journals/corr/RenHG015},
  bibsource = {dblp computer science bibliography, https://dblp.org}
}

@article{LongSD14,
  author    = {Jonathan Long and
               Evan Shelhamer and
               Trevor Darrell},
  title     = {Fully Convolutional Networks for Semantic Segmentation},
  journal   = {CoRR},
  volume    = {abs/1411.4038},
  year      = {2014},
  url       = {http://arxiv.org/abs/1411.4038},
  archivePrefix = {arXiv},
  eprint    = {1411.4038},
  timestamp = {Mon, 13 Aug 2018 16:48:17 +0200},
  biburl    = {https://dblp.org/rec/bib/journals/corr/LongSD14},
  bibsource = {dblp computer science bibliography, https://dblp.org}
}


@article{HeGDG17,
  author    = {Kaiming He and
               Georgia Gkioxari and
               Piotr Doll{\'{a}}r and
               Ross B. Girshick},
  title     = {Mask {R-CNN}},
  journal   = {CoRR},
  volume    = {abs/1703.06870},
  year      = {2017},
  url       = {http://arxiv.org/abs/1703.06870},
  archivePrefix = {arXiv},
  eprint    = {1703.06870},
  timestamp = {Mon, 13 Aug 2018 16:46:36 +0200},
  biburl    = {https://dblp.org/rec/bib/journals/corr/HeGDG17},
  bibsource = {dblp computer science bibliography, https://dblp.org}
}

@book{kale2010computer,
  title={Computer Vision and Information Technology: Advances and Applications},
  author={Kale, K.V. and Mehrotra, S.C. and Manza, R.R. and Manza, R.R.},
  isbn={9789380026954},
  lccn={2010327664},
  url={https://books.google.de/books?id=MRGJN7GI42IC},
  year={2010},
  publisher={I.K. International Publishing House Pvt. Limited}
}

@article{GirshickDDM13,
  author    = {Ross B. Girshick and
               Jeff Donahue and
               Trevor Darrell and
               Jitendra Malik},
  title     = {Rich feature hierarchies for accurate object detection and semantic
               segmentation},
  journal   = {CoRR},
  volume    = {abs/1311.2524},
  year      = {2013},
  url       = {http://arxiv.org/abs/1311.2524},
  archivePrefix = {arXiv},
  eprint    = {1311.2524},
  timestamp = {Mon, 13 Aug 2018 16:48:09 +0200},
  biburl    = {https://dblp.org/rec/bib/journals/corr/GirshickDDM13},
  bibsource = {dblp computer science bibliography, https://dblp.org}
}

@article{ChorowskiBSCB15,
  author    = {Jan Chorowski and
               Dzmitry Bahdanau and
               Dmitriy Serdyuk and
               KyungHyun Cho and
               Yoshua Bengio},
  title     = {Attention-Based Models for Speech Recognition},
  journal   = {CoRR},
  volume    = {abs/1506.07503},
  year      = {2015},
  url       = {http://arxiv.org/abs/1506.07503},
  archivePrefix = {arXiv},
  eprint    = {1506.07503},
  timestamp = {Mon, 13 Aug 2018 16:47:01 +0200},
  biburl    = {https://dblp.org/rec/bib/journals/corr/ChorowskiBSCB15},
  bibsource = {dblp computer science bibliography, https://dblp.org}
}

@misc{matterport_maskrcnn_2017,
  title={Mask R-CNN for object detection and instance segmentation on Keras and TensorFlow},
  author={Waleed Abdulla},
  year={2017},
  publisher={Github},
  journal={GitHub repository},
  howpublished={\url{https://github.com/matterport/Mask_RCNN}},
}

@article{LinDGHHB16,
  author    = {Tsung{-}Yi Lin and
               Piotr Doll{\'{a}}r and
               Ross B. Girshick and
               Kaiming He and
               Bharath Hariharan and
               Serge J. Belongie},
  title     = {Feature Pyramid Networks for Object Detection},
  journal   = {CoRR},
  volume    = {abs/1612.03144},
  year      = {2016},
  url       = {http://arxiv.org/abs/1612.03144},
  archivePrefix = {arXiv},
  eprint    = {1612.03144},
  timestamp = {Mon, 13 Aug 2018 16:48:50 +0200},
  biburl    = {https://dblp.org/rec/bib/journals/corr/LinDGHHB16},
  bibsource = {dblp computer science bibliography, https://dblp.org}
}

@article{DBLP,
  author    = {Kaiming He and
               Xiangyu Zhang and
               Shaoqing Ren and
               Jian Sun},
  title     = {Deep Residual Learning for Image Recognition},
  journal   = {CoRR},
  volume    = {abs/1512.03385},
  year      = {2015},
  url       = {http://arxiv.org/abs/1512.03385},
  archivePrefix = {arXiv},
  eprint    = {1512.03385},
  timestamp = {Mon, 13 Aug 2018 16:46:56 +0200},
  biburl    = {https://dblp.org/rec/bib/journals/corr/HeZRS15},
  bibsource = {dblp computer science bibliography, https://dblp.org}
}

@MISC{imgseg,
  author = {Waleed Abdulla},
  title = {Splash of Color: Instance Segmentation with Mask R-CNN and TensorFlow},
  howpublished = {\url{https://engineering.matterport.com/splash-of-color-instance-segmentation-with-mask-r-cnn-and-tensorflow\\-7c761e238b46}},
  note = {Last accessed 09/30/2018},
  url = {https://engineering.matterport.com/splash-of-color-instance-segmentation-with-mask-r-cnn-and-tensorflow-7c761e238b46}
}

@MISC{dataleak,
  author = {Kaggle Inc},
  title = {Data Leak and Next Steps},
  howpublished = {\url{https://www.kaggle.com/c/airbus-ship-detection/discussion/64388}},
  note = {Last accessed 10/15/2018},
  url = {https://www.kaggle.com/c/airbus-ship-detection/discussion/64388}
}


@MISC{challintro,
  author = {Kaggle Inc},
  title = {Airbus Ship Detection Challenge Introduction},
  howpublished = {\url{https://www.kaggle.com/c/airbus-ship-detection\#description}},
  note = {Last accessed 09/03/2018},
  url = {https://www.kaggle.com/c/airbus-ship-detection\#description}
}

@comment{jabref-meta: selector_keywords:}

@comment{jabref-meta: selector_journal:}

@comment{jabref-meta: selector_publisher:}

@comment{jabref-meta: selector_author:}

